@inproceedings{bryan08,
author = {Bryan, Brent and Schneider, Jeff},
booktitle = {International Conference on Machine Learning (ICML)},
title = {Actively Learning Level-Sets of Composite Functions},
year = {2008}
}

@techreport{settles09,
author = {Settles, Burr},
institution = {University of Wisconsin--Madison},
number = {1648},
title = {{Active Learning Literature Survey}},
type = {Computer Sciences Technical Report},
year = {2009}
}

@inproceedings{desautels12,
author = {Desautels, Thomas and Krause, Andreas and Burdick, Joel},
booktitle = {International Conference on Machine Learning (ICML)},
title = {Parallelizing Exploration-Exploitation Tradeoffs with Gaussian Process Bandit Optimization},
year = {2012}
}

@inproceedings{srinivas10,
author = {Srinivas, Niranjan and Krause, Andreas and Kakade, Sham and Seeger, Matthias},
booktitle = {International Conference on Machine Learning (ICML)},
title = {Gaussian Process Optimization in the Bandit Setting: No Regret and Experimental Design},
year = {2010}
}

@book{cover06,
author = {Cover, Thomas M. and Thomas, Joy A.},
publisher = {Wiley-Interscience},
title = {Elements of Information Theory},
year = {2006}
}

@inproceedings{bryan05,
author = {Bryan, Brent and Schneider, Jeff and Nichol, Robert and Miller, Christopher and Genovese, Christopher and Wasserman, Larry},
booktitle = {Neural Information Processing Systems (NIPS)},
title = {Active Learning For Identifying Function Threshold Boundaries},
year = {2005}
}

@inproceedings{azimi10,
author = {Azimi, Javad and Fern, Alan and Fern, Xiaoli},
booktitle = {Neural Information Processing Systems (NIPS)},
title = {Batch Bayesian Optimization via Simulation Matching},
year = {2010}
}

@book{rasmussen06,
author = {Rasmussen, Carl Edward and Williams, Christopher K. I.},
publisher = {MIT Press},
title = {Gaussian Processes for Machine Learning},
year = {2006}
}

@inproceedings{zuluaga13,
author = {Marcela Zuluaga and Andreas Krause and Guillaume Sergent and Markus P{\"u}schel},
booktitle = {International Conference on Machine Learning (ICML)},
title = {Active Learning for Multi-Criterion Optimization},
year = {2013}
}

@inproceedings{singh06,
author = {Singh, Aarti and Nowak, Robert and Ramanathan, Parmesh},
title = {Active learning for adaptive mobile sensing networks},
booktitle = {International Conference on Information Processing in Sensor Networks (IPSN)},
year = {2006}
}

@inproceedings{batalin04,
author = {Batalin, Maxim A. and Rahimi, Mohammad and Yu, Yan and Liu, Duo and Kansal, Aman and Sukhatme, Gaurav S. and Kaiser, William J. and Hansen, Mark and Pottie, Gregory J. and Srivastava, Mani and Estrin, Deborah},
title = {Call and response: experiments in sampling the environment},
booktitle = {International Conference on Embedded Networked Sensor Systems (SenSys)},
year = {2004}
}

@inproceedings{rahimi04,
author={Rahimi, Mohammad and Pon, Richard and Kaiser, William J. and Sukhatme, Gaurav S. and Estrin, Deborah and Srivastava, Mani},
booktitle={International Conference on Robotics and Automation (ICRA)},
title={Adaptive sampling for environmental robotics},
year={2004}
}

@inproceedings{garnett12,
author={Roman Garnett and Yamuna Krishnamurthy and Xuehan Xiong and Jeff Schneider and Richard Mann},
booktitle={International Conference on Machine Learning (ICML)},
title={Bayesian Optimal Active Search and Surveying},
year={2012}
}

@inproceedings{ramakrishnan05,
author={Naren Ramakrishnan and Chris Bailey-Kellogg and Satish Tadepalli and Varun N. Pandey},
booktitle={SIAM International Conference on Data Mining (SDM)},
title={Gaussian Processes for Active Data Mining of Spatial Aggregates},
year={2005}
}

@article{galland04,
author={Galland, Fr\'{e}d\'{e}ric and R\'{o}fr\'{o}gier, Philippe and Germain, Olivier},
journal={IEEE Geoscience and Remote Sensing Letters (GRSL)},
title={Synthetic aperture Radar oil spill segmentation by stochastic complexity minimization},
year={2004}
}

@article{brochu10,
  author    = {Eric Brochu and Vlad M. Cora and Nando de Freitas},
  title     = {A Tutorial on Bayesian Optimization of Expensive Cost Functions,
               with Application to Active User Modeling and Hierarchical
               Reinforcement Learning},
  journal   = {arXiv:1012.2599},
  year      = {2010},
}

@inproceedings{dantu07,
author={Dantu, Karthik and Sukhatme, Gaurav S.},
booktitle={International Conference on Robotics and Automation (ICRA)},
title={Detecting and Tracking Level Sets of Scalar Fields using a Robotic Sensor Network},
year={2007}
}

@inproceedings{srinivasan08,
author={Srinivasan, Sumana and Ramamritham, Krithi and Kulkarni, Purushottam},
booktitle={International Conference on Information Processing in Sensor Networks (IPSN)},
title={ACE in the Hole: Adaptive Contour Estimation Using Collaborating Mobile Sensors},
year={2008}
}

@article{hitz12,
title={Autonomous Inland Water Monitoring: Design and Application of a Surface Vessel},
journal={Robotics \& Automation Magazine (RAM)},
author={Hitz, Gregory and Pomerleau, Fran\c{c}ois and Garneau, Marie-Eve and Pradalier, C\'{e}dric and Posch, Thomas and Pernthaler, Jakob and Siegwart, Roland Y.},
year={2012}
}

@article{forney73,
author={Forney, G. David, Jr.},
journal={Proceedings of the IEEE},
title={The viterbi algorithm},
year={1973}
}

@article{nemhauser78,
author = {Nemhauser, G L and Wolsey, L A and Fisher, M L},
journal = {Mathematical Programming},
title = {An analysis of approximations for maximizing submodular set functions},
year = {1978}
}

@article{krause08,
author = {Krause, Andreas and Singh, Ajit and Guestrin, Carlos},
journal = {Journal of Machine Learning Research (JMLR)},
title = {Near-Optimal Sensor Placements in Gaussian Processes: Theory, Efficient Algorithms and Empirical Studies},
year = {2008}
}

@article{singh09,
author = {Singh, Amarjeet and Krause, Andreas and Guestrin, Carlos and Kaiser, William},
journal = {Journal of Artificial Intelligence Research (JAIR)},
title = {Efficient Informative Sensing using Multiple Robots},
year = {2009}
}

@inproceedings{chekuri05,
author = {Chekuri, Chandra and Pal, Martin},
booktitle = {Foundations of Computer Science (FOCS)},
title = {A Recursive Greedy Algorithm for Walks in Directed Graphs},
year = {2005}
}
